
@article{goodfellowGenerativeAdversarialNetworks2014,
  archivePrefix = {arXiv},
  eprinttype = {arxiv},
  eprint = {1406.2661},
  primaryClass = {cs, stat},
  title = {Generative {{Adversarial Networks}}},
  url = {http://arxiv.org/abs/1406.2661},
  urldate = {2018-11-28},
  date = {2014-06-10},
  keywords = {Computer Science - Machine Learning,Statistics - Machine Learning},
  author = {Goodfellow, Ian J. and Pouget-Abadie, Jean and Mirza, Mehdi and Xu, Bing and Warde-Farley, David and Ozair, Sherjil and Courville, Aaron and Bengio, Yoshua}
}



@article{mirzaConditionalGenerativeAdversarial2014,
  archivePrefix = {arXiv},
  eprinttype = {arxiv},
  eprint = {1411.1784},
  primaryClass = {cs, stat},
  title = {Conditional {{Generative Adversarial Nets}}},
  url = {http://arxiv.org/abs/1411.1784},
  urldate = {2018-11-28},
  date = {2014-11-06},
  keywords = {Computer Science - Machine Learning,Statistics - Machine Learning,Computer Science - Computer Vision and Pattern Recognition,Computer Science - Artificial Intelligence},
  author = {Mirza, Mehdi and Osindero, Simon}
}


